<record xmlns="http://www.loc.gov/MARC21/slim" xmlns:xsi="http://www.w3.org/2001/XMLSchema-instance" xsi:schemaLocation="http://www.loc.gov/MARC21/slim http://www.loc.gov/standards/marcxml/schema/MARC21slim.xsd"><leader>     nam a22        4500</leader><controlfield tag="001">3079315</controlfield><controlfield tag="003">NNC</controlfield><controlfield tag="006">m        d        </controlfield><controlfield tag="007">cr cn |||m|||a</controlfield><controlfield tag="008">150316s1905    ua      o     000 0 arard</controlfield><datafield ind1=" " ind2=" " tag="040"><subfield code="a">NNU</subfield><subfield code="b">eng</subfield><subfield code="e">rda</subfield><subfield code="c">NNU</subfield></datafield><datafield ind1=" " ind2="4" tag="050"><subfield code="a">PJ6101</subfield><subfield code="b">.Z3 1905</subfield></datafield><datafield ind1="1" ind2=" " tag="100"><subfield code="6">880-01</subfield><subfield code="a">Zamakhshari&#772;, Mah&#803;mu&#772;d ibn &#699;Umar,</subfield><subfield code="d">1075-1144.</subfield></datafield><datafield ind1="1" ind2="0" tag="245"><subfield code="6">880-02</subfield><subfield code="a">Kita&#772;b al-mufas&#803;s&#803;al fi&#772; &#699;ilm al-&#699;Arabi&#772;yah /</subfield><subfield code="c">ta&#700;li&#772;f Abi&#772; al-Qa&#772;sim Mah&#803;mu&#772;d ibn &#699;Umar al-Zamakhshari&#772;, wa-bi-dhaylihi Kita&#772;b al-mufad&#803;d&#803;al fi&#772; sharh&#803; abya&#772;t al-Mufas&#803;s&#803;al / li-Muh&#803;ammad Badr al-Di&#772;n Abi&#772; Fira&#772;s al-Na&#699;sa&#772;ni&#772; al-H&#803;alabi&#772;.</subfield></datafield><datafield ind1="3" ind2="0" tag="246"><subfield code="6">880-03</subfield><subfield code="a">Mufas&#803;s&#803;al fi&#772; &#699;ilm al-&#699;Arabi&#772;yah</subfield></datafield><datafield ind1=" " ind2=" " tag="250"><subfield code="6">880-04</subfield><subfield code="a">al-T&#803;ab&#699;ah 1.</subfield></datafield><datafield ind1=" " ind2=" " tag="260"><subfield code="6">880-05</subfield><subfield code="a">Mis&#803;r :</subfield><subfield code="b">Mat&#803;aba&#699;at al-Taqaddum,</subfield><subfield code="c">1323 [1905]</subfield></datafield><datafield ind1=" " ind2=" " tag="300"><subfield code="a">online resource (408 pages)</subfield></datafield><datafield ind1=" " ind2=" " tag="336"><subfield code="a">text</subfield><subfield code="2">rdacontent</subfield></datafield><datafield ind1=" " ind2=" " tag="337"><subfield code="a">computer</subfield><subfield code="2">rdamedia</subfield></datafield><datafield ind1=" " ind2=" " tag="338"><subfield code="a">online resource</subfield><subfield code="2">rdacarrier</subfield></datafield><datafield ind1=" " ind2=" " tag="500"><subfield code="a">Part of the Arabic Collections Online (ACO) project, contributed by Columbia University Libraries.</subfield></datafield><datafield ind1=" " ind2=" " tag="533"><subfield code="a">Electronic reproduction.</subfield><subfield code="b">New York, N.Y. :</subfield><subfield code="c">New York University,</subfield><subfield code="d">2015.</subfield><subfield code="5">NNU</subfield></datafield><datafield ind1=" " ind2="0" tag="650"><subfield code="a">Arabic language</subfield><subfield code="x">Grammar.</subfield></datafield><datafield ind1=" " ind2="7" tag="650"><subfield code="a">Arabic language</subfield><subfield code="x">Grammar.</subfield><subfield code="2">fast</subfield><subfield code="0">(OCoLC)fst00812341</subfield></datafield><datafield ind1="1" ind2="2" tag="700"><subfield code="6">880-06</subfield><subfield code="a">H&#803;alabi&#772;, Muh&#803;ammad Badr al-Di&#772;n al-Na&#699;sa&#772;ni&#772;.</subfield><subfield code="t">Mufad&#803;d&#803;al fi&#772; sharh&#803; abya&#772;t al-Mufas&#803;s&#803;al.</subfield></datafield><datafield ind1="2" ind2=" " tag="710"><subfield code="a">Columbia University.</subfield><subfield code="b">Libraries.</subfield></datafield><datafield ind1="0" ind2=" " tag="730"><subfield code="a">Arabic Collections Online.</subfield></datafield><datafield ind1="0" ind2="8" tag="776"><subfield code="i">Print version:</subfield><subfield code="a">Zamakhshari&#772;, Mah&#803;mu&#772;d ibn &#699;Umar, 1075-1144.</subfield><subfield code="t">Kita&#772;b al-mufas&#803;s&#803;al fi&#772; &#699;ilm al-&#699;Arabi&#772;yah</subfield><subfield code="w">(NNC)3079315</subfield><subfield code="w">(OCoLC)18105121</subfield></datafield><datafield ind1="4" ind2="0" tag="856"><subfield code="u">http://hdl.handle.net/2333.1/jwstqn39</subfield></datafield><datafield ind1="1" ind2=" " tag="880"><subfield code="6">100-01/r</subfield><subfield code="a">&#1586;&#1605;&#1582;&#1588;&#1585;&#1610;&#1548; &#1605;&#1581;&#1605;&#1608;&#1583; &#1576;&#1606; &#1593;&#1605;&#1585;&#1548;,</subfield><subfield code="d">1075-1144.</subfield></datafield><datafield ind1="1" ind2="0" tag="880"><subfield code="6">245-02/r</subfield><subfield code="a">&#1603;&#1578;&#1575;&#1576; &#1575;&#1604;&#1605;&#1601;&#1589;&#1604; &#1601;&#1610; &#1593;&#1604;&#1605; &#1575;&#1604;&#1593;&#1585;&#1576;&#1610;&#1577; /</subfield><subfield code="c">&#1578;&#1571;&#1604;&#1610;&#1601; &#1575;&#1576;&#1610; &#1575;&#1604;&#1602;&#1575;&#1587;&#1605; &#1605;&#1581;&#1605;&#1608;&#1583; &#1576;&#1606; &#1593;&#1605;&#1585; &#1575;&#1604;&#1586;&#1605;&#1582;&#1588;&#1585;&#1610;&#1548; &#1608;&#1576;&#1584;&#1610;&#1604; &#1603;&#1578;&#1575;&#1576; &#1575;&#1604;&#1605;&#1601;&#1590;&#1604; &#1601;&#1610; &#1588;&#1585;&#1581; &#1575;&#1576;&#1610;&#1575;&#1578; &#1575;&#1604;&#1605;&#1601;&#1589;&#1604; / &#1604;&#1605;&#1581;&#1605;&#1583; &#1576;&#1583;&#1585; &#1575;&#1604;&#1583;&#1610;&#1606; &#1575;&#1576;&#1610; &#1601;&#1585;&#1575;&#1587; &#1575;&#1604;&#1606;&#1593;&#1587;&#1575;&#1606;&#1610; &#1575;&#1604;&#1581;&#1604;&#1576;&#1610;.</subfield></datafield><datafield ind1="3" ind2="0" tag="880"><subfield code="6">246-03/r</subfield><subfield code="a">&#1605;&#1601;&#1589;&#1604; &#1601;&#1610; &#1593;&#1604;&#1605; &#1575;&#1604;&#1593;&#1585;&#1576;&#1610;&#1577;</subfield></datafield><datafield ind1=" " ind2=" " tag="880"><subfield code="6">250-04/r</subfield><subfield code="a">&#1575;&#1604;&#1591;&#1576;&#1593;&#1577; 1.</subfield></datafield><datafield ind1=" " ind2=" " tag="880"><subfield code="6">260-05/r</subfield><subfield code="a">&#1605;&#1589;&#1585; :</subfield><subfield code="b">&#1605;&#1591;&#1576;&#1593;&#1577; &#1575;&#1604;&#1578;&#1602;&#1583;&#1605;&#1548;</subfield><subfield code="c">1323 [1905]</subfield></datafield><datafield ind1="1" ind2="2" tag="880"><subfield code="6">700-06/r</subfield><subfield code="a">&#1581;&#1604;&#1576;&#1610;&#1548; &#1605;&#1581;&#1605;&#1583; &#1576;&#1583;&#1585; &#1575;&#1604;&#1583;&#1610;&#1606; &#1575;&#1604;&#1606;&#1593;&#1587;&#1575;&#1606;&#1610;.</subfield><subfield code="t">&#1605;&#1601;&#1590;&#1604; &#1601;&#1610; &#1588;&#1585;&#1581; &#1575;&#1576;&#1610;&#1575;&#1578; &#1575;&#1604;&#1605;&#1601;&#1589;&#1604;.</subfield></datafield><datafield ind1=" " ind2=" " tag="959"><subfield code="a">NNU</subfield><subfield code="b">WEB</subfield><subfield code="c">GENI</subfield><subfield code="t">0</subfield><subfield code="m">Electronic access</subfield><subfield code="s">01</subfield></datafield><datafield ind1=" " ind2=" " tag="999"><subfield code="i">NNC_3079315</subfield><subfield code="o">(OCoLC)ocm18105121 </subfield><subfield code="s">columbia_aco000289</subfield></datafield></record>